<?xml version="1.0" encoding="UTF-8"?><collection xmlns="http://www.loc.gov/MARC21/slim"><record><leader>00387nam--2200145-i-4500</leader><controlfield tag="001">000012589</controlfield><controlfield tag="002">20161230</controlfield><controlfield tag="005">20161230201029</controlfield><controlfield tag="008">060222s1000------------r-----000-0-eng-d</controlfield><datafield ind1=" " ind2=" " tag="080"><subfield code="a">512.554.34</subfield></datafield><datafield ind1=" " ind2=" " tag="100"><subfield code="a">Chow, Yutze</subfield></datafield><datafield ind1=" " ind2=" " tag="245"><subfield code="a">GENERAL THEORY OF LIE ALGEBRAS.Vol. 1</subfield></datafield><datafield ind1=" " ind2=" " tag="260"><subfield code="a">New York, Gordon And Breach, 1978. Xxii + 461 P</subfield></datafield><datafield ind1=" " ind2=" " tag="852"><subfield code="a">45852</subfield><subfield code="c">512</subfield></datafield><datafield ind1=" " ind2=" " tag="CAT"><subfield code="a">Sys</subfield><subfield code="c">20080513</subfield><subfield code="h">140240</subfield></datafield></record></collection>